<record xmlns="http://www.loc.gov/MARC21/slim" xmlns:xsi="http://www.w3.org/2001/XMLSchema-instance" xsi:schemaLocation="http://www.loc.gov/MARC21/slim http://www.loc.gov/standards/marcxml/schema/MARC21slim.xsd"><leader>01313cz   2200193n  4500</leader><controlfield tag="001">oca03898481 </controlfield><controlfield tag="005">20001104070541.0</controlfield><controlfield tag="008">950811n| acannaabn          |a aaa     c</controlfield><datafield ind1=" " ind2=" " tag="010"><subfield code="a">nr 95029645 </subfield></datafield><datafield ind1=" " ind2=" " tag="040"><subfield code="a">NNC</subfield><subfield code="b">eng</subfield><subfield code="c">NNC</subfield><subfield code="d">OCoLC</subfield></datafield><datafield ind1="1" ind2=" " tag="100"><subfield code="a">Postumius Albinus, A.</subfield><subfield code="q">(Aulus),</subfield><subfield code="d">fl. 167-146 B.C.</subfield></datafield><datafield ind1="1" ind2=" " tag="400"><subfield code="a">Postumius Albinus, Aulus,</subfield><subfield code="d">fl. 167-146 B.C.</subfield></datafield><datafield ind1="1" ind2=" " tag="400"><subfield code="a">Albinus, A. Postumius</subfield><subfield code="q">(Aulus postumius),</subfield><subfield code="d">fl. 167-146 B.C.</subfield></datafield><datafield ind1="0" ind2=" " tag="400"><subfield code="a">A. Postumius Albinus</subfield><subfield code="q">(Aulus Postumius Albinus),</subfield><subfield code="d">fl. 167-146 B.C.</subfield></datafield><datafield ind1=" " ind2=" " tag="670"><subfield code="a">His Annales [CF] 1991:</subfield><subfield code="b">PHI CD ROM #5.3, Latin Canon, bibliographic screen (A. Postumius Albinus)</subfield></datafield><datafield ind1=" " ind2=" " tag="670"><subfield code="a">Pauly-Wissowa:</subfield><subfield code="b">34. Halbbd., col. 902-908; "Postumius", #31 (A. Postumius Albinus; nothing is known of him before his praetorship of 155 B.C., though there may be a mention  of him as early as 167 B.C.; consul, 151 B.C.; mission to Greece, 146 B.C.)</subfield></datafield><datafield ind1=" " ind2=" " tag="670"><subfield code="a">Dict. of Greek and Roman biography and mythology, 1967:</subfield><subfield code="b">v. 1, p. 92; "Albinus", #18 (A. Postumius A.f.A.n. Albinus; praetor, B.C. 155; consul,B.C. 151)</subfield></datafield><datafield ind1=" " ind2=" " tag="670"><subfield code="a">Oxford class. dict., 1st ed.:</subfield><subfield code="b">p. 724 (Postumius Albinus, Aulus; Romansenator and historian, praetor in 155 B.C.; consul in 151; commissioner for the settlement of Achaea in 146)</subfield></datafield><datafield ind1=" " ind2=" " tag="670"><subfield code="a">NUC pre-56:</subfield><subfield code="b">v. 467, p. 413 (Postumius Albinus, Aulus, B.C. 2 cent.)</subfield></datafield></record>